%%%% REFERÊNCIAS
%%
%% Conjunto padronizado de elementos descritivos retirados de um documento, que permite sua identificação individual.
%%
%% Cada entrada no arquivo BibTeX segue um formato padrão. Este formato muda ligeiramente baseado no tipo de entrada, mas a sintaxe
%% continua a mesma.
%%
%% O rótulo de cada entrada não pode conter caracteres especiais, acentuados ou cedilha.
%%
%% A formatação do texto no campo "AUTHOR" deve obedecer algumas regras:
%%   - Acento agudo:        "á = {\'a}".
%%   - Acento crase:        "à = {\`a}".
%%   - Acento til:          "ã = {\~a}".
%%   - Acento circunflexo:  "ê = {\^e}".
%%   - Acento trema:        "ü = {\"u}".
%%   - Acento na letra i:   "í = {\'\i}".
%%   - Cedilha:             "ç = {\c{c}}".
%%   - Sobrenome composto:  "Santos, Filho, Jos{\'e} C. S.; da Silva, Erivanildo Lopes".
%%   - Nome de organização: "{\mbox IONA Technologies PLC}".
%%
%% A formatação do texto no campo "TITLE" deve obedecer algumas regras (também válidas para o texto no campo "AUTHOR"):
%%   - MAIÚSCULAS: "REAL = {REAL}".
%%   - Minúsculas: "real = {real}".
%%   - CamelCase:  "Real = {R}eal".

%% TIPOS DE ENTRADA
%%
%% Ao inserir uma referência no banco de dados, a primeira coisa a decidir é o tipo de entrada. Existem vários tipos de entrada, mas
%% não são completas, porém são suficientes para o BibTeX fornecer entradas para lidar com praticamente qualquer tipo de referência
%% razoavelmente bem.

%% ARTICLE - Um artigo de um jornal ou revista.
%%   - Campos requeridos: AUTHOR, TITLE, JOURNAL e YEAR.
%%   - Campos opcionais: VOLUME, NUMBER, PAGES, MONTH e NOTE.

@article{mittal2016,
  title        = {A {{Survey}} of {{Techniques}} for {{Approximate Computing}}},
  author       = {Mittal, Sparsh},
  date         = {2016-05-02},
  year         = {2016},
  journaltitle = {ACM Computing Surveys},
  shortjournal = {ACM Comput. Surv.},
  volume       = {48},
  number       = {4},
  pages        = {1--33},
  issn         = {0360-0300, 1557-7341},
  doi          = {10.1145/2893356},
  url          = {https://dl.acm.org/doi/10.1145/2893356},
  urldate      = {2023-08-27},
  abstract     = {Approximate computing trades off computation quality with effort expended, and as rising performance demands confront plateauing resource budgets, approximate computing has become not merely attractive, but even imperative. In this article, we present a survey of techniques for approximate computing (AC). We discuss strategies for finding approximable program portions and monitoring output quality, techniques for using AC in different processing units (e.g., CPU, GPU, and FPGA), processor components, memory technologies, and so forth, as well as programming frameworks for AC. We classify these techniques based on several key characteristics to emphasize their similarities and differences. The aim of this article is to provide insights to researchers into working of AC techniques and inspire more efforts in this area to make AC the mainstream computing approach in future systems.},
  langid       = {english},
  file         = {/home/nessuno/Zotero/storage/ZMFR8INQ/Mittal - 2016 - A Survey of Techniques for Approximate Computing.pdf}
}

@inproceedings{chippa2013,
  title      = {Analysis and Characterization of Inherent Application Resilience for Approximate Computing},
  booktitle  = {Proceedings of the 50th {{Annual Design Automation Conference}}},
  author     = {Chippa, Vinay K. and Chakradhar, Srimat T. and Roy, Kaushik and Raghunathan, Anand},
  date       = {2013-05-29},
  year       = {2013},
  pages      = {1--9},
  publisher  = {ACM},
  location   = {Austin Texas},
  doi        = {10.1145/2463209.2488873},
  url        = {https://dl.acm.org/doi/10.1145/2463209.2488873},
  urldate    = {2023-09-04},
  abstract   = {Approximate computing is an emerging design paradigm that enables highly efficient hardware and software implementations by exploiting the inherent resilience of applications to in-exactness in their computations. Previous work in this area has demonstrated the potential for significant energy and performance improvements, but largely consists of ad hoc techniques that have been applied to a small number of applications. Taking approximate computing closer to mainstream adoption requires (i) a deeper understanding of inherent application resilience across a broader range of applications (ii) tools that can quantitatively establish the inherent resilience of an application, and (iii) methods to quickly assess the potential of various approximate computing techniques for a given application. We make two key contributions in this direction. Our primary contribution is the analysis and characterization of inherent application resilience present in a suite of 12 widely used applications from the domains of recognition, data mining, and search. Based on this analysis, we present several new insights into the nature of resilience and its relationship to various key application characteristics. To facilitate our analysis, we propose a systematic framework for Application Resilience Characterization (ARC) that (a) partitions an application into resilient and sensitive parts and (b) characterizes the resilient parts using approximation models that abstract a wide range of approximate computing techniques. We believe that the key insights that we present can help shape further research in the area of approximate computing, while automatic resilience characterization frameworks such as ARC can greatly aid designers in the adoption approximate computing.},
  eventtitle = {{{DAC}} '13: {{The}} 50th {{Annual Design Automation Conference}} 2013},
  isbn       = {978-1-4503-2071-9},
  langid     = {english},
  file       = {/home/nessuno/Zotero/storage/TQHTX75K/Chippa et al. - 2013 - Analysis and characterization of inherent applicat.pdf}
}

@article{grigorian2015,
  title        = {Accelerating {{Divergent Applications}} on {{SIMD Architectures Using Neural Networks}}},
  author       = {Grigorian, Beayna and Reinman, Glenn},
  date         = {2015-04-16},
  year         = {2015},
  journaltitle = {ACM Transactions on Architecture and Code Optimization},
  shortjournal = {ACM Trans. Archit. Code Optim.},
  volume       = {12},
  number       = {1},
  pages        = {1--23},
  issn         = {1544-3566, 1544-3973},
  doi          = {10.1145/2717311},
  url          = {https://dl.acm.org/doi/10.1145/2717311},
  urldate      = {2025-09-17},
  abstract     = {The purpose of this research is to find a neural-network-based solution to the well-known problem of branch divergence in Single Instruction Multiple Data (SIMD) architectures. Our approach differs from existing techniques that handle branch (or control-flow) divergence, which use costly hardware modifications, low-utilization masking techniques, or static prediction methods. As we examine divergent applications, we characterize the degree of data-dependent control flow seen in each and isolate the code regions (or “kernels”) that cause the most performance degradation due to branch divergence. We then train neural networks (NNs) offline to approximate these kernels and inject the NN computations directly into the applications as substitutes for the kernels they approximate. This essentially translates control flow into nondivergent computation, trading off precision for performance. As our methodology manipulates application source code directly, it is inherently platform agnostic and can be adopted as a general means for accelerating divergent applications on data-parallel architectures. In this article, we present the Neuralizer, an automated software flow for kernel identification, NN training, and NN integration, as well as supplementary user-controlled optimization techniques. Evaluating our approach on a variety of divergent applications run on a Graphics Processing Unit (GPU), we on average achieve performance gains of 13.6 × and energy savings of 14.8 × with 96\% accuracy.},
  langid       = {english},
  file         = {/home/nessuno/Zotero/storage/L2DANX6E/Grigorian and Reinman - 2015 - Accelerating Divergent Applications on SIMD Architectures Using Neural Networks.pdf}
}

@article{fabricio2020,
  title        = {{{AxRAM}}: {{A}} Lightweight Implicit Interface for Approximate Data Access},
  shorttitle   = {{{AxRAM}}},
  author       = {Fabrício Filho, João and Felzmann, Isaías B. and Azevedo, Rodolfo and Wanner, Lucas F.},
  date         = {2020-12},
  year         = {2020},
  journaltitle = {Future Generation Computer Systems},
  shortjournal = {Future Generation Computer Systems},
  volume       = {113},
  pages        = {556--570},
  issn         = {0167739X},
  doi          = {10.1016/j.future.2020.07.029},
  url          = {https://linkinghub.elsevier.com/retrieve/pii/S0167739X20301060},
  urldate      = {2023-09-04},
  abstract     = {Approximate memories expose data elements to errors in order to improve energy efficiency. For a large fraction of data, these errors are inconsequential or lead only to small losses in application output quality. Nevertheless, for some critical data, errors may lead to execution flow crashes, resulting in non-produced outputs and wasted computational and energy resources. Thus, these techniques require some level of control over approximations to generate acceptable outputs and, consequently, to maximize the energy benefits. Many proposed interfaces for approximate memories rely on burdensome instrumentation of the program or on user annotations to protect critical data. We present AxRAM, a lightweight interface for approximate data that avoids crashes without user annotations. AxRAM relies on a memory with configurable reliability levels and protects from errors critical data regions commonly found on a number of applications. Furthermore, our interface implements a resilient addressing scheme that reduces invalid data accesses that lead to execution crashes. In an embedded computing scenario with a dual-VDD SRAM, our implementation of AxRAM reduces 51\% of the execution crashes compared to an unprotected approximate memory, resulting in energy savings for 9 out of 12 profiled applications.},
  langid       = {english},
  file         = {/home/nessuno/Zotero/storage/46TXL7PA/Fabrício Filho et al. - 2020 - AxRAM A lightweight implicit interface for approx.pdf}
}

@inproceedings{li2018,
  title      = {Sculptor: {{Flexible Approximation}} with {{Selective Dynamic Loop Perforation}}},
  shorttitle = {Sculptor},
  booktitle  = {Proceedings of the 2018 {{International Conference}} on {{Supercomputing}}},
  author     = {Li, Shikai and Park, Sunghyun and Mahlke, Scott},
  date       = {2018-06-12},
  year       = {2018},
  pages      = {341--351},
  publisher  = {ACM},
  location   = {Beijing China},
  doi        = {10.1145/3205289.3205317},
  url        = {https://dl.acm.org/doi/10.1145/3205289.3205317},
  urldate    = {2024-03-05},
  abstract   = {Loop perforation is one of the most well known software techniques in approximate computing. It transforms loops to periodically skip subsets of their iterations. It is general, simple, and effective. However, during analysis, it only considers the number of instructions to skip, but does not consider the differences between instructions and loop iterations. Based on our observation, these differences have considerable influence on performance and accuracy. To improve traditional perforation, we introduce selective dynamic loop perforation, a general approximation technique that automatically transforms loops to skip selected instructions in selected iterations. It provides the flexibility to craft approximation strategies at the dynamic instruction level. The main challenges in selective dynamic loop perforation are how to capture the characteristics of instructions, optimize perforation strategies based on these characteristics, and minimize additional runtime overhead. In this paper, we propose several compiler optimizations to resolve these challenges, including optimized instruction-level, load based and store based selective perforation, and self-directed dynamic perforation with a dynamic start and dynamic perforation rates. Across a range of 8 applications from various domains, selective dynamic loop perforation achieves average speedups of 2.89x and 4.07x with 5\% and 10\% error budgets, while traditional loop perforation achieves 1.47x and 1.93x, respectively, for the same error budgets.},
  eventtitle = {{{ICS}} '18: 2018 {{International Conference}} on {{Supercomputing}}},
  isbn       = {978-1-4503-5783-8},
  langid     = {english},
  file       = {/home/nessuno/Zotero/storage/H2PDWWTN/Li et al. - 2018 - Sculptor Flexible Approximation with Selective Dy.pdf}
}

@article{leon2025a,
  title        = {Approximate {{Computing Survey}}, {{Part I}}: {{Terminology}} and {{Software}} \& {{Hardware Approximation Techniques}}},
  shorttitle   = {Approximate {{Computing Survey}}, {{Part I}}},
  author       = {Leon, Vasileios and Hanif, Muhammad Abdullah and Armeniakos, Giorgos and Jiao, Xun and Shafique, Muhammad and Pekmestzi, Kiamal and Soudris, Dimitrios},
  date         = {2025-07-31},
  year         = {2025},
  journaltitle = {ACM Computing Surveys},
  shortjournal = {ACM Comput. Surv.},
  volume       = {57},
  number       = {7},
  pages        = {1--36},
  issn         = {0360-0300, 1557-7341},
  doi          = {10.1145/3716845},
  url          = {https://dl.acm.org/doi/10.1145/3716845},
  urldate      = {2025-09-17},
  abstract     = {The rapid growth of demanding applications in domains applying multimedia processing and machine learning has marked a new era for edge and cloud computing. These applications involve massive data and compute-intensive tasks, and thus, typical computing paradigms in embedded systems and data centers are stressed to meet the worldwide demand for high performance. Concurrently, over the last 15~years, the semiconductor industry has established power efficiency as a first-class design concern. As a result, the community of computing systems is forced to find alternative design approaches to facilitate high-performance and power-efficient computing. Among the examined solutions,               Approximate Computing               has attracted an ever-increasing interest, which has resulted in novel approximation techniques for all the layers of the traditional computing stack. More specifically, during the last decade, a plethora of approximation techniques in software (programs, frameworks, compilers, runtimes, languages), hardware (circuits, accelerators), and architectures (processors, memories) have been proposed in the literature. The current article is Part I of a comprehensive survey on Approximate Computing. It reviews its motivation, terminology, and principles, as well as it classifies the state-of-the-art software \& hardware approximation techniques, presents their technical details, and reports a comparative quantitative analysis.},
  langid       = {english},
  file         = {/home/nessuno/Zotero/storage/IW8J9BGM/Leon et al. - 2025 - Approximate Computing Survey, Part I Terminology and Software & Hardware Approximation Techniques.pdf}
}

@article{leon2025b,
  title        = {Approximate {{Computing Survey}}, {{Part II}}: {{Application-Specific}} \& {{Architectural Approximation Techniques}} and {{Applications}}},
  shorttitle   = {Approximate {{Computing Survey}}, {{Part II}}},
  author       = {Leon, Vasileios and Hanif, Muhammad Abdullah and Armeniakos, Giorgos and Jiao, Xun and Shafique, Muhammad and Pekmestzi, Kiamal and Soudris, Dimitrios},
  date         = {2025-07-31},
  year         = {2025},
  journaltitle = {ACM Computing Surveys},
  shortjournal = {ACM Comput. Surv.},
  volume       = {57},
  number       = {7},
  pages        = {1--36},
  publisher    = {Association for Computing Machinery (ACM)},
  issn         = {0360-0300, 1557-7341},
  doi          = {10.1145/3711683},
  url          = {https://dl.acm.org/doi/10.1145/3711683},
  urldate      = {2025-07-21},
  abstract     = {The challenging deployment of compute-intensive applications from domains such as Artificial Intelligence (AI) and Digital Signal Processing (DSP), forces the community of computing systems to explore new design approaches.            Approximate Computing            appears as an emerging solution, allowing to tune the quality of results in the design of a system in order to improve the energy efficiency and/or performance. This radical paradigm shift has attracted interest from both academia and industry, resulting in significant research on approximation techniques and methodologies at different design layers (from system down to integrated circuits). Motivated by the wide appeal of Approximate Computing over the last 10 years, we conduct a two-part survey to cover key aspects (e.g., terminology and applications) and review the state-of-the-art approximation techniques from all layers of the traditional computing stack. Part II of the survey classifies and presents the technical details of application-specific and architectural approximation techniques, which both target the design of resource-efficient processors/accelerators and systems. Moreover, it reports a quantitative analysis of the techniques and a detailed analysis of the application spectrum of Approximate Computing, and finally, it discusses open challenges and future directions.},
  langid       = {english},
  file         = {/home/nessuno/Zotero/storage/BQ46K85K/Leon et al. - 2025 - Approximate Computing Survey, Part II Application-Specific & Architectural Approximation Techniques.pdf}
}

@article{sampson2015,
  title   = {Accept: A programmer-guided compiler framework for practical approximate computing},
  author  = {Sampson, Adrian and Baixo, Andr{\'e} and Ransford, Benjamin and Moreau, Thierry and Yip, Joshua and Ceze, Luis and Oskin, Mark},
  journal = {University of Washington Technical Report UW-CSE-15-01},
  volume  = {1},
  number  = {2},
  pages   = {1--14},
  year    = {2015}
}

@article{sampson2011,
  title        = {{{EnerJ}}: Approximate Data Types for Safe and General Low-Power Computation},
  shorttitle   = {{{EnerJ}}},
  author       = {Sampson, Adrian and Dietl, Werner and Fortuna, Emily and Gnanapragasam, Danushen and Ceze, Luis and Grossman, Dan},
  date         = {2011-06-04},
  year         = {2011},
  journaltitle = {ACM SIGPLAN Notices},
  shortjournal = {SIGPLAN Not.},
  volume       = {46},
  number       = {6},
  pages        = {164--174},
  issn         = {0362-1340, 1558-1160},
  doi          = {10.1145/1993316.1993518},
  url          = {https://dl.acm.org/doi/10.1145/1993316.1993518},
  urldate      = {2023-09-05},
  abstract     = {Energy is increasingly a first-order concern in computer systems. Exploiting energy-accuracy trade-offs is an attractive choice in applications that can tolerate inaccuracies. Recent work has explored exposing this trade-off in programming models. A key challenge, though, is how to               isolate parts of the program that must be precise from those that can be approximated               so that a program functions correctly even as quality of service degrades.                          We propose using type qualifiers to declare data that may be subject to approximate computation. Using these types, the system automatically maps approximate variables to low-power storage, uses low-power operations, and even applies more energy-efficient algorithms provided by the programmer. In addition, the system can statically guarantee isolation of the precise program component from the approximate component. This allows a programmer to control explicitly how information flows from approximate data to precise data. Importantly, employing static analysis eliminates the need for dynamic checks, further improving energy savings. As a proof of concept, we develop EnerJ, an extension to Java that adds approximate data types. We also propose a hardware architecture that offers explicit approximate storage and computation. We port several applications to EnerJ and show that our extensions are expressive and effective; a small number of annotations lead to significant potential energy savings (10\%-50\%) at very little accuracy cost.},
  langid       = {english},
  file         = {/home/nessuno/Zotero/storage/DL7JTHBU/Sampson et al. - EnerJ Approximate Data Types for Safe and General.pdf}
}

@inproceedings{reis2024,
  title      = {Towards {{Just-In-Time Software Approximations}}},
  booktitle  = {Anais Do {{XXV Simpósio}} Em {{Sistemas Computacionais}} de {{Alto Desempenho}} ({{SSCAD}} 2024)},
  author     = {Reis, Lucas and Wanner, Lucas and Rigo, Sandro},
  date       = {2024-10-23},
  pages      = {360--371},
  publisher  = {Sociedade Brasileira de Computação},
  location   = {Brasil},
  doi        = {10.5753/sscad.2024.244522},
  url        = {https://sol.sbc.org.br/index.php/sscad/article/view/31011},
  urldate    = {2024-12-19},
  abstract   = {Software-level approximations, such as loop perforation, function replacement, and memoization, can significantly enhance application performance and energy efficiency during compile time. However, approximating compilers often require extensive user intervention and lack the capability for realtime adaptation. This paper presents RAAS, a framework that integrates justin-time recompilation with an automated evaluation system to create a generalpurpose software approximation system with minimal user involvement. Our framework can apply input-aware approximations without needing a separate testing phase by continuously monitoring the target application and recompiling code blocks. We evaluated the framework with a set of resilient benchmarks while also comparing its performance with a similar framework focused on static compilation of approximations. Our findings demonstrate speedups of up to 6.3x with quality degradation limited to 30\%, achieving competitive results to a static compilation with a shorter convergence time.},
  eventtitle = {Simpósio Em {{Sistemas Computacionais}} de {{Alto Desempenho}}},
  langid     = {english},
  file       = {/home/nessuno/Zotero/storage/MX9ULM9V/Reis et al. - 2024 - Towards Just-In-Time Software Approximations.pdf}
}

@inproceedings{oliveira2024b,
  title      = {Multithread {{Approximation}}: {{A}} New {{OpenMP}} Construct},
  shorttitle = {Multithread {{Approximation}}},
  booktitle  = {Anais Do {{XXV Simpósio}} Em {{Sistemas Computacionais}} de {{Alto Desempenho}} ({{SSCAD}} 2024)},
  author     = {Oliveira, João B. and Gonçalves, Rogério A. and Fabrício Filho, João},
  date       = {2024-10-23},
  year       = {2024},
  pages      = {372--383},
  publisher  = {Sociedade Brasileira de Computação},
  location   = {Brasil},
  doi        = {10.5753/sscad.2024.244776},
  url        = {https://sol.sbc.org.br/index.php/sscad/article/view/31012},
  urldate    = {2025-05-17},
  abstract   = {This study presents a new construct in OpenMP designed to facilitate the implementation of approximate computing techniques within parallel programming environments. By integrating approximation methods such as task dropping, loop perforation, and floating-point relaxation, the proposed construct aims to enhance performance and energy efficiency while maintaining acceptable accuracy levels. Experimental results on benchmark applications demonstrate a trade-off of up to 490.83\%, with 55.1\% of quality loss, highlighting the potential and limitations of approximate computing in parallel contexts.},
  eventtitle = {Simpósio Em {{Sistemas Computacionais}} de {{Alto Desempenho}}},
  file       = {/home/nessuno/Zotero/storage/LGZLFA8J/Oliveira et al. - 2024 - Multithread Approximation A new OpenMP construct.pdf}
}

@inproceedings{oliveira2024a,
  title      = {OpenMP em Direção à Aproximação: Loop Perforation e Multithreading},
  shorttitle = {OpenMP em Direção à Aproximação},
  booktitle  = {Anais da XV Escola Regional de Alto Desempenho de São Paulo (ERAD-SP 2024)},
  author     = {Oliveira, João B. and Gonçalves, Rogério A. and Fabrício Filho, João},
  date       = {2024-05-16},
  year       = {2024},
  pages      = {49--52},
  publisher  = {Sociedade Brasileira de Computação},
  location   = {Brasil},
  doi        = {10.5753/eradsp.2024.239866},
  url        = {https://sol.sbc.org.br/index.php/eradsp/article/view/28732},
  urldate    = {2024-08-08},
  abstract   = {This study investigates the integration of loop perforation into OpenMP to enhance the performance of applications on systems with limited computational resources. Four perforation techniques – init, fini, large, and small – were implemented, with experimental results demonstrating significant performance gains across various test configurations. The results indicate performance improvements up to 43.33\% with the proposed techniques.},
  eventtitle = {Escola Regional de Alto Desempenho de São Paulo},
  langid     = {portuguese},
  file       = {/home/nessuno/Zotero/storage/9FCPJYE3/Oliveira et al. - 2024 - OpenMP em Direção à Aproximação Loop Perforation .pdf}
}

@inproceedings{felzmann2021,
  title        = {Special Session: How much quality is enough quality? A case for acceptability in approximate designs},
  author       = {Felzmann, Isa{\'\i}as and Fabr{\'\i}cio Filho, Jo{\~a}o and de Oliveira, Juliane Regina and Wanner, Lucas},
  booktitle    = {2021 IEEE 39th International Conference on Computer Design (ICCD)},
  pages        = {5--8},
  year         = {2021},
  organization = {IEEE}
}

@inproceedings{sidiroglou2011,
  title      = {Managing Performance vs. Accuracy Trade-Offs with Loop Perforation},
  booktitle  = {Proceedings of the 19th {{ACM SIGSOFT}} Symposium and the 13th {{European}} Conference on {{Foundations}} of Software Engineering},
  author     = {Sidiroglou-Douskos, Stelios and Misailovic, Sasa and Hoffmann, Henry and Rinard, Martin},
  date       = {2011-09-09},
  year       = {2011},
  pages      = {124--134},
  publisher  = {ACM},
  location   = {Szeged Hungary},
  doi        = {10.1145/2025113.2025133},
  url        = {https://dl.acm.org/doi/10.1145/2025113.2025133},
  urldate    = {2023-10-04},
  abstract   = {Many modern computations (such as video and audio encoders, Monte Carlo simulations, and machine learning algorithms) are designed to trade off accuracy in return for increased performance. To date, such computations typically use ad-hoc, domain-specific techniques developed specifically for the computation at hand.},
  eventtitle = {{{ESEC}}/{{FSE}}'11: {{Joint Meeting}} of the {{European Software Engineering Conference}} and the {{ACM SIGSOFT Symposium}} on the {{Foundations}} of {{Software Engineering}}},
  isbn       = {978-1-4503-0443-6},
  langid     = {english},
  file       = {/home/nessuno/Zotero/storage/LUCWPGUF/Sidiroglou-Douskos et al. - 2011 - Managing performance vs. accuracy trade-offs with .pdf}
}

@misc{openmp2018,
  title     = {Openmp API Specification},
  url       = {https://www.openmp.org/wp-content/uploads/OpenMP-API-Specification-5.0.pdf},
  journal   = {OpenMP Application Programming Interface},
  publisher = {OpenMP Architecture Review Board},
  author    = {Board, OpenMP},
  year      = {2018},
  month     = {Nov}
} 

@article{michie1968,
  title     = {“Memo” functions and machine learning},
  author    = {Michie, Donald},
  year      = {1968},
  journal   = {Nature},
  volume    = {218},
  number    = {5136},
  pages     = {19--22},
  publisher = {Nature Publishing Group UK London}
}

@article{tziantzioulis2018,
  title   = {Temporal {{Approximate Function Memoization}}},
  author  = {Tziantzioulis, Georgios and Hardavellas, Nikos and Campanoni, Simone},
  year    = {2018},
  month   = jul,
  journal = {IEEE Micro},
  volume  = {38},
  number  = {4},
  pages   = {60--70},
  issn    = {0272-1732, 1937-4143},
  doi     = {10.1109/MM.2018.043191126}
}

@article{monniaux2008,
  author   = {Monniaux, David},
  title    = {The Pitfalls of Verifying Floating-Point Computations},
  year     = {2008},
  journal  = {ACM Transactions on Programming Languages and Systems},
  number   = {3},
  pages    = {1--41},
  month    = may,
  volume   = {30},
  issn     = {0164-0925, 1558-4593},
  doi      = {10.1145/1353445.1353446},
  urldate  = {2023-10-10},
  abstract = {Current critical systems often use a lot of floating-point computations, and thus the testing or static analysis of programs containing floating-point operators has become a priority. However, correctly defining the semantics of common implementations of floating-point is tricky, because semantics may change according to many factors beyond source-code level, such as choices made by compilers. We here give concrete examples of problems that can appear and solutions for implementing in analysis software.},
  langid   = {english},
  keywords = {Computer Science - Programming Languages,D.2.4,D.3.1,F.3.1,G.1.0,G.4,Mathematics - Numerical Analysis}
}

@misc{clangffast,
  title        = {Clang {{Compiler User}}'s {{Manual}} \textemdash{} {{Clang}} 18.0.0git Documentation},
  url          = {https://clang.llvm.org/docs/UsersManual.html\#cmdoption-ffast-math},
  urldate      = {2023-10-31},
  howpublished = {Online},
  note         = {Accessed October 31, 2023. \url{https://clang.llvm.org/docs/UsersManual.html\#cmdoption-ffast-math}.}
}

@misc{gccffast,
  title        = {Optimize {{Options}} ({{Using}} the {{GNU Compiler Collection}} ({{GCC}}))},
  url          = {https://gcc.gnu.org/onlinedocs/gcc/Optimize-Options.html\#index-ffast-math},
  urldate      = {2023-10-31},
  howpublished = {Online},
  note         = {Accessed October 31, 2023. \url{https://gcc.gnu.org/onlinedocs/gcc/Optimize-Options.html\#index-ffast-math}.}
}

@misc{msvcfast,
  title        = {Float Control Pragma},
  url          = {https://learn.microsoft.com/en-us/cpp/preprocessor/float-control?view=msvc-170},
  urldate      = {2024-06-11},
  howpublished = {Online},
  note         = {Accessed June 11, 2024. \url{https://learn.microsoft.com/en-us/cpp/preprocessor/float-control?view=msvc-170}.}
}

@misc{mattson2019,
  title        = {The OpenMP common core},
  author       = {Mattson, Timothy G and He, Yun Helen and Koniges, Alice E},
  year         = {2019},
  publisher    = {The MIT Press Cambridge, MA, USA},
  howpublished = {}
}

@inproceedings{goncalves2016,
  author       = {Goncalves, R. and Amaris, M. and Okada, T. and Bruel, P. and Goldman, A.},
  title        = {OpenMP is Not as Easy as It Appears},
  year         = {2016},
  series       = {2016 49th Hawaii International Conference on System Sciences (HICSS)},
  organization = {},
  publisher    = {IEEE},
  address      = {Koloa, Hawaii}
}

@article{flynn1972,
  title        = {Some {{Computer Organizations}} and {{Their Effectiveness}}},
  author       = {Flynn, Michael J.},
  date         = {1972-09},
  journaltitle = {IEEE Transactions on Computers},
  shortjournal = {IEEE Trans. Comput.},
  volume       = {C-21},
  number       = {9},
  pages        = {948--960},
  issn         = {0018-9340},
  doi          = {10.1109/TC.1972.5009071},
  url          = {http://ieeexplore.ieee.org/document/5009071/},
  urldate      = {2025-09-19},
  langid       = {english},
  file         = {/home/nessuno/Zotero/storage/UFJT9GV3/Flynn - 1972 - Some Computer Organizations and Their Effectiveness.pdf}
}

@book{hennessy2017,
  title     = {Computer Architecture: {{A}} Quantitative Approach},
  author    = {Hennessy, J.L. and Patterson, D.A.},
  date      = {2017},
  series    = {The Morgan Kaufmann Series in Computer Architecture and Design},
  publisher = {Elsevier Science},
  url       = {https://books.google.com.br/books?id=MBQFuAEACAAJ},
  isbn      = {978-0-12-811905-1},
  lccn      = {2017959491},
  file      = {/home/nessuno/Zotero/storage/ZCMLYKR8/Hennessy - Computer Architecture A Quantitative Approach.pdf}
}

@book{tanenbaum2015,
  title     = {Modern Operating Systems},
  author    = {Tanenbaum, Andrew S.},
  date      = {2015},
  edition   = {Fourth edition},
  publisher = {Pearson},
  location  = {Boston},
  isbn      = {978-0-13-359162-0},
  langid    = {english},
  pagetotal = {1101},
  keywords  = {Operating systems (Computers)},
  file      = {/home/nessuno/Zotero/storage/3F2VBB5D/Sistemas Operacionais Modernos (Andrew S. Tanenbaum, Herbert Bos).pdf;/home/nessuno/Zotero/storage/6YHQTI9W/Andrew S. Tanenbaum, Herbert Bos - Modern Operating Systems-Pearson (2023).pdf;/home/nessuno/Zotero/storage/8J8KRCIF/Tanenbaum - 2015 - Modern operating systems.pdf}
}

@inproceedings{goiri2015,
  title      = {{{ApproxHadoop}}: {{Bringing Approximations}} to {{MapReduce Frameworks}}},
  shorttitle = {{{ApproxHadoop}}},
  booktitle  = {Proceedings of the {{Twentieth International Conference}} on {{Architectural Support}} for {{Programming Languages}} and {{Operating Systems}}},
  author     = {Goiri, Inigo and Bianchini, Ricardo and Nagarakatte, Santosh and Nguyen, Thu D.},
  date       = {2015-03-14},
  year       = {2015},
  pages      = {383--397},
  publisher  = {ACM},
  location   = {Istanbul Turkey},
  doi        = {10.1145/2694344.2694351},
  url        = {https://dl.acm.org/doi/10.1145/2694344.2694351},
  urldate    = {2023-10-05},
  abstract   = {We propose and evaluate a framework for creating and running approximation-enabled MapReduce programs. Specifically, we propose approximation mechanisms that fit naturally into the MapReduce paradigm, including input data sampling, task dropping, and accepting and running a precise and a user-defined approximate version of the MapReduce code. We then show how to leverage statistical theories to compute error bounds for popular classes of MapReduce programs when approximating with input data sampling and/or task dropping. We implement the proposed mechanisms and error bound estimations in a prototype system called ApproxHadoop. Our evaluation uses MapReduce applications from different domains, including data analytics, scientific computing, video encoding, and machine learning. Our results show that ApproxHadoop can significantly reduce application execution time and/or energy consumption when the user is willing to tolerate small errors. For example, ApproxHadoop can reduce runtimes by up to 32× when the user can tolerate an error of 1\% with 95\% confidence. We conclude that our framework and system can make approximation easily accessible to many application domains using the MapReduce model.},
  eventtitle = {{{ASPLOS}} '15: {{Architectural Support}} for {{Programming Languages}} and {{Operating Systems}}},
  isbn       = {978-1-4503-2835-7},
  langid     = {english},
  file       = {/home/nessuno/Zotero/storage/DJLAHMS5/Goiri et al. - 2015 - ApproxHadoop Bringing Approximations to MapReduce.pdf}
}

@inproceedings{rinard2006,
  title      = {Probabilistic Accuracy Bounds for Fault-Tolerant Computations That Discard Tasks},
  booktitle  = {Proceedings of the 20th Annual International Conference on {{Supercomputing}}},
  author     = {Rinard, Martin},
  date       = {2006-06-28},
  year       = {2006},
  pages      = {324--334},
  publisher  = {ACM},
  location   = {Cairns Queensland Australia},
  doi        = {10.1145/1183401.1183447},
  url        = {https://dl.acm.org/doi/10.1145/1183401.1183447},
  urldate    = {2023-08-26},
  abstract   = {We present a new technique for enabling computations to survive errors and faults while providing a bound on any resulting output distortion. A developer using the technique first partitions the computation into tasks. The execution platform then simply discards any task that encounters an error or a fault and completes the computation by executing any remaining tasks. This technique can substantially improve the robustness of the computation in the face of errors and faults. A potential concern is that discarding tasks may change the result that the computation produces.},
  eventtitle = {{{ICS06}}: {{International Conference}} on {{Supercomputing}} 2006},
  isbn       = {978-1-59593-282-2},
  langid     = {english},
  file       = {/home/nessuno/Zotero/storage/8966QE7D/Rinard - 2006 - Probabilistic accuracy bounds for fault-tolerant c.pdf}
}

@inproceedings{lashgar2018,
  title      = {Loop {{Perforation}} in {{OpenACC}}},
  booktitle  = {2018 {{IEEE Intl Conf}} on {{Parallel}} \& {{Distributed Processing}} with {{Applications}}, {{Ubiquitous Computing}} \& {{Communications}}, {{Big Data}} \& {{Cloud Computing}}, {{Social Computing}} \& {{Networking}}, {{Sustainable Computing}} \& {{Communications}} ({{ISPA}}/{{IUCC}}/{{BDCloud}}/{{SocialCom}}/{{SustainCom}})},
  author     = {Lashgar, Ahmad and Atoofian, Ehsan and Baniasadi, Amirali},
  date       = {2018-12},
  year       = {2018},
  pages      = {163--170},
  publisher  = {IEEE},
  location   = {Melbourne, Australia},
  doi        = {10.1109/BDCloud.2018.00036},
  url        = {https://ieeexplore.ieee.org/document/8672231/},
  urldate    = {2023-11-02},
  abstract   = {High-level programming models such as OpenMP and OpenACC are used to accelerate loop-parallelizable applications. In such applications, a very large number of loop iterations are launched as threads on the accelerator, where every iteration executes the same code sequence (loop body or kernel) but on different data. In such workloads, similarities in the input lead to wide similarities in the outputs. Motivated by this observation, we propose to run only a subset of loop iterations, accurately calculating some outputs and approximating the rest. To this end, we propose employing a new directive in OpenACC to trade off performance for accuracy by perforating loop iterations. The directive is only applicable to parallel loops with a perforation rate adjusted by the programmer. Moreover, we investigate the quality and runtime impact of this directive. In summary, first, we show that naïvely applying loop perforation to OpenACC, degrades performance significantly. This is because OpenACC parallel loops are often output-parallelized and every iteration calculates one single entry in the output. Consequently, dropping k iterations leads to k erroneous entries in the output. Second and in order to address this we propose an efficient lowoverhead mechanism to recover the value of these missing output entries. Third, we show that due to the SIMD organization of accelerators, perforation does not always translate to runtime improvements. Our study shows that perforation can change the memory coalescing behavior and negatively impact runtime. In order to provide better insight we present workload characteristics that benefit from perforation the most. Our evaluations using a diverse set of benchmarks indicate that our proposed technique can improve performance up to 93\%, while maintaining the quality loss at a rate below 10\%.},
  eventtitle = {2018 {{IEEE Intl Conf}} on {{Parallel}} \& {{Distributed Processing}} with {{Applications}}, {{Ubiquitous Computing}} \& {{Communications}}, {{Big Data}} \& {{Cloud Computing}}, {{Social Computing}} \& {{Networking}}, {{Sustainable Computing}} \& {{Communications}} ({{ISPA}}/{{IUCC}}/{{BDCloud}}/{{SocialCom}}/{{SustainCom}})},
  isbn       = {978-1-7281-1141-4},
  langid     = {english},
  file       = {/home/nessuno/Zotero/storage/LH87PST5/Lashgar et al. - 2018 - Loop Perforation in OpenACC.pdf}
}

@inproceedings{jiang2022,
  title      = {{{SampleMine}}: {{A Framework}} for {{Applying Random Sampling}} to {{Subgraph Pattern Mining}} through {{Loop Perforation}}},
  shorttitle = {{{SampleMine}}},
  booktitle  = {Proceedings of the {{International Conference}} on {{Parallel Architectures}} and {{Compilation Techniques}}},
  author     = {Jiang, Peng and Wei, Yihua and Su, Jiya and Wang, Rujia and Wu, Bo},
  date       = {2022-10-08},
  year       = {2022},
  pages      = {185--197},
  publisher  = {ACM},
  location   = {Chicago Illinois},
  doi        = {10.1145/3559009.3569658},
  url        = {https://dl.acm.org/doi/10.1145/3559009.3569658},
  urldate    = {2024-03-05},
  abstract   = {Subgraph Pattern Mining (SPM) is an important class of graph applications that aim to discover structural patterns in a graph. Due to the enormous exploration space, SPM is in general computationally challenging. To accelerate SPM, many random sampling techniques have been proposed. While the existing sampling techniques are effective for conventional SPM tasks such as motif counting and frequent subgraph mining, they cannot be easily adapted for new applications.},
  eventtitle = {{{PACT}} '22: {{International Conference}} on {{Parallel Architectures}} and {{Compilation Techniques}}},
  isbn       = {978-1-4503-9868-8},
  langid     = {english},
  file       = {/home/nessuno/Zotero/storage/V4AL947V/Jiang et al. - 2022 - SampleMine A Framework for Applying Random Sampli.pdf}
}

@article{vassiliadis2015,
  title     = {A programming model and runtime system for significance-aware energy-efficient computing},
  author    = {Vassiliadis, Vassilis and Parasyris, Konstantinos and Chalios, Charalambos and Antonopoulos, Christos D and Lalis, Spyros and Bellas, Nikolaos and Vandierendonck, Hans and Nikolopoulos, Dimitrios S},
  journal   = {ACM SIGPLAN Notices},
  volume    = {50},
  number    = {8},
  pages     = {275--276},
  year      = {2015},
  publisher = {ACM New York, NY, USA}
}

@inproceedings{parasyris2021,
  title      = {{{HPAC}}: Evaluating Approximate Computing Techniques on {{HPC OpenMP}} Applications},
  shorttitle = {{{HPAC}}},
  booktitle  = {Proceedings of the {{International Conference}} for {{High Performance Computing}}, {{Networking}}, {{Storage}} and {{Analysis}}},
  author     = {Parasyris, Konstantinos and Georgakoudis, Giorgis and Menon, Harshitha and Diffenderfer, James and Laguna, Ignacio and Osei-Kuffuor, Daniel and Schordan, Markus},
  date       = {2021-11-14},
  year       = {2021},
  pages      = {1--14},
  publisher  = {ACM},
  location   = {St. Louis Missouri},
  doi        = {10.1145/3458817.3476216},
  url        = {https://dl.acm.org/doi/10.1145/3458817.3476216},
  urldate    = {2023-10-11},
  eventtitle = {{{SC}} '21: {{The International Conference}} for {{High Performance Computing}}, {{Networking}}, {{Storage}} and {{Analysis}}},
  isbn       = {978-1-4503-8442-1},
  langid     = {english},
  file       = {/home/nessuno/Zotero/storage/YSULSZLZ/Parasyris et al_2021_HPAC.pdf}
}


CÂNDIDO, A. A literatura e a formação do homem. In: Textos de intervenção. São
Paulo: Duas Cidades, 2002. p. 67. (Coleção espírito crítico). (Modelo de referência:
capítulo de livro).


% VON KROGH, G.; ICHIJO, K.; NONAKA, I. Facilitando a criação de
conhecimento: reinventando a empresa com o poder da inovação contínua. Rio de
Janeiro: Campus, 2001. (Modelo de referência: livro com subtítulo).

@manual{NBR6023:2018,
  title        = {{ABNT NBR} 6023},
  author       = {{ABNT}},
  organization = {Associação Brasileira de Normas Técnicas},
  address      = {Rio de Janeiro},
  year         = {2018},
  org-short    = {ABNT},
  subtitle     = {informação e documentação: referências: elaboração}
}

@manual{NBR6028:2021,
  title        = {{ABNT NBR} 6028},
  author       = {{ABNT}},
  organization = {Associação Brasileira de Normas Técnicas},
  address      = {Rio de Janeiro},
  year         = {2021},
  org-short    = {ABNT},
  subtitle     = {informação e documentação: resumo -- apresentação}
}

@manual{NBR6027:2012,
  title        = {{ABNT NBR} 6027},
  author       = {{ABNT}},
  organization = {Associação Brasileira de Normas Técnicas},
  address      = {Rio de Janeiro},
  year         = {2012},
  org-short    = {ABNT},
  subtitle     = {informação e documentação: sumário -- apresentação}
}

@book{KROGH:2001,
  author    = {Georg Von{ }Ichijo and Kazuo Nonaka and Ikujiro Krogh},
  title     = {Facilitando a criação de conhecimento},
  publisher = {Campus},
  year      = {2001},
  address   = {Rio de Janeiro},
  subtitle  = {reinventando a empresa com o poder da inovação contínua}
}

@manual{NBR10520:2002,
  title        = {{ABNT NBR} 10520},
  author       = {{ABNT}},
  organization = {Associação Brasileira de Normas Técnicas},
  address      = {Rio de Janeiro},
  month        = aug,
  year         = {2002},
  org-short    = {ABNT},
  subtitle     = {informação e documentação -- apresentação de citações em documentos}
}

@manual{NBR14724:2011,
  title        = {{ABNT NBR} 14724},
  author       = {{ABNT}},
  organization = {Associação Brasileira de Normas Técnicas},
  address      = {Rio de Janeiro, RJ},
  month        = mar,
  year         = {2024},
  org-short    = {ABNT},
  subtitle     = {informação e documentação -- trabalhos acadêmicos -- apresentação}
}

@mastersthesis{Andrade2005,
  author   = {M. M. Andrade},
  title    = {Competências requeridas pelos gestores de Instituições de ensino superior privadas},
  school   = {Programa de Pós-Graduação em
              Tecnologia, Universidade Tecnológica Federal do Paraná},
  year     = {2005},
  address  = {Curitiba},
  pages    = {150},
  subtitle = {um estudo em Curitiba e região metropolitana}
}

@inbook{Borges2014,
  author    = {L. O. BORGES and O. H. YAMAMOTO},
  booktitle = {Psicologia, organizações e trabalho no Brasil},
  title     = {Mundo do trabalho},
  subtitle  = {construção histórica e desafios contemporâneos},
  pages     = {25--72},
  publisher = {Artmed},
  year      = {2014},
  address   = {Porto Alegre},
  edition   = {2}
}

@inbook{Candido2002,
  author    = {A. Cândido},
  booktitle = {Textos de intervenção},
  title     = {A literatura e a formação do homem},
  pages     = {67},
  publisher = {Duas Cidades},
  year      = {2002},
  address   = {São Paulo},
  series    = {Coleção Espírito Crítico}
}

%BRASIL. Lei n. 9.610, de 19 de fevereiro de 1998. Altera, atualiza e consolida a legislação sobre direitos autorais e dá outras providências. Brasília, DF: Casa Civil, 1998. Disponível em: http://www.planalto.gov.br/ccivil_03/leis/L9610.htm. Acesso
em: 11 mar. 2025.

@misc{BRASIL:1998,
  title         = {Lei n. 9.610, de 19 de fevereiro de 1998},
  author        = {{BRASIL}},
  organization  = {Casa Civil},
  address       = {Brasília, DF},
  org-short     = {Casa Civil},
  year          = {1998},
  url           = {http://www.planalto.gov.br/ccivil_03/leis/L9610.htm},
  urlaccessdate = {11 mar. 2025},
  subtitle      = {Altera, atualiza e consolida a legislação sobre direitos autorais e dá outras providências}
}

@article{Sanches2024,
  author  = {Cust{\'o}dio{ }Junior, Elton and Sanches, Silvio Ricardo Rodrigues
             and Corr{\^e}a, Cl{\'e}ber Gimenez
             and Oliveira, Claiton
             and Freire, Valdinei
             and Saito, Priscila Tiemi Maeda
             and Bugatti, Pedro Henrique},
  title   = {Automatic generation of difficulty maps for datasets using neural network},
  journal = {Multimedia Tools and Applications},
  year    = {2024},
  volume  = {83},
  number  = {25},
  pages   = {66499-66516},
  issn    = {1573-7721},
  doi     = {10.1007/s11042-024-18271-3}
}




@article{Guimaraes2003,
  author   = {Guimar{\~a}es, Eliane G. and Maffeis, Antonio T. and Pereira, James L. and Russo, Bruno G. and Cardozo, Eleri and Bergerman, Marcel and Magalh{\~a}es, Mauricio F.},
  title    = {{REAL}},
  journal  = {IEEE Transactions on Education},
  year     = {2003},
  volume   = {46},
  number   = {1},
  pages    = {37--42},
  month    = feb,
  subtitle = {a virtual laboratory for mobile robot experiment}
}

@article{Frederico2012,
  author        = {Frederico, Guilherme Francisco and Martins, Roberto Antonio},
  title         = {Modelo para alinhamento entre a maturidade dos sistemas de medição de desempenho e a maturidade da gestão da cadeia de suprimentos},
  journal       = {Gestão \& Produção},
  year          = {2012},
  volume        = {19},
  pages         = {857--871},
  month         = dec,
  issn          = {0104-530X},
  publisher     = {Scielo},
  url           = {http://www.scielo.br/scielo.php?script=sci_arttext&pid=S0104-530X2012000400014&nrm=iso},
  urlaccessdate = {21 ago. 2013}
}

%% BOOK - Um livro com uma editora explícita.
%%   - Campos requeridos: AUTHOR ou EDITOR, TITLE, PUBLISHER e YEAR.
%%   - Campos opcionais: VOLUME ou NUMBER, SERIES, ADDRESS, EDITION, MONTH e NOTE.

@book{Coulouris2013,
  title         = {Sistemas Distribu{\'\i}dos},
  subtitle      = {conceitos e projeto},
  author        = {Coulouris, George and Dollimore, Jean and Kindberg, Tim and Blair, Gordon},
  isbn          = {9788582600542},
  url           = {https://books.google.com.br/books?id=6WU3AgAAQBAJ},
  year          = {2013},
  publisher     = {Bookman Editora},
  urlaccessdate = {21 ago. 2013}
}


@book{Pressman2009,
  title         = {Engenharia de Software - 7.ed.},
  author        = {Pressman, Roger S.},
  pages         = {107},
  isbn          = {9788580550443},
  url           = {https://books.google.com.br/books?id=y0rH9wuXe68C},
  year          = {2009},
  publisher     = {McGraw Hill Brasil},
  urlaccessdate = {21 ago. 2013}
}

@book{Pedrycz1998,
  author    = {Pedrycz, Witold and Gomide, Fernando A. C.},
  title     = {An Introduction to Fuzzy Sets},
  publisher = {MIT Press},
  year      = {1998},
  address   = {Massachusetts, USA},
  month     = apr,
  pages     = {465},
  subtitle  = {analysis and design (complex adaptive systems)}
}

%% BOOKLET - Uma obra impressa mas sem uma editora ou instituição patrocinadora.
%%   - Campos requeridos: TITLE.
%%   - Campos opcionais: AUTHOR, HOWPUBLISHED, ADDRESS, MONTH, YEAR e NOTE.

@booklet{Thompson2001,
  title        = {X-Ray Data Booklet},
  author       = {Thompson, Albert C. and Vaughan, Douglas},
  howpublished = {Lawrence Berkeley National Laboratory, University of California},
  address      = {California, USA},
  month        = jan,
  year         = {2001},
  pages        = {457}
}

%% CONFERENCE - O mesmo que "INPROCEEDINGS", incluído para compatibilidade de escrita.
%%   - Campos requeridos: AUTHOR, TITLE, BOOKTITLE e YEAR.
%%   - Campos opcionais: EDITOR, VOLUME ou NUMBER, SERIES, PAGES, ADDRESS, MONTH, ORGANIZATION, PUBLISHER e NOTE.

@conference{Alt1995,
  author    = {Alt, Martin and Martin, Florian},
  title     = {Generation of Efficient Interprocedural Analyzers with {PAG}},
  booktitle = {SAS'95, Static Analysis Symposium},
  year      = {1995},
  editor    = {Mycroft, Alan},
  pages     = {33--50},
  month     = sep,
  publisher = {Springer}
}

%% INBOOK - Uma parte de um livro, que pode ser um capítulo e/ou um intervalo de páginas.
%%   - Campos requeridos: AUTHOR ou EDITOR, TITLE, CHAPTER ou PAGES, PUBLISHER e YEAR.
%%   - Campos opcionais: VOLUME ou NUMBER, SERIES, TYPE, ADDRESS, EDITION, MONTH, NOTE.


%DAVENPORT, T. H.; PRUSAK, L. Conhecimento empresarial: como as organizações gerenciam o seu capital intelectual. Rio de Janeiro: Campus, 2012. (Modelo de referência: livro com subtítulo).
@book{Davenport2012,
  author    = {DAVENPORT, T. H. and PRUSAK, L.},
  title     = {Conhecimento empresarial},
  publisher = {Campus},
  year      = {2012},
  address   = {Rio de Janeiro},
  subtitle  = {como as organizações gerenciam o seu capital intelectual}
}


@book{Santos2000,
  author    = {Santos, Euripedes P. and von Zuben, Fernando J.},
  title     = {Recurrent Neural Networks},
  chapter   = {3},
  pages     = {47--75},
  publisher = {CRC Press},
  year      = {2000},
  volume    = {13},
  address   = {USA},
  series    = {International Series on Computational Intelligence},
  subtitle  = {design, applications}
}

%% INCOLLECTION - Uma parte de um livro com o seu próprio título.
%%   - Campos requeridos: AUTHOR, TITLE, BOOKTITLE, PUBLISHER e YEAR.
%%   - Campos opcionais: EDITOR, VOLUME OR NUMBER, SERIES, TYPE, CHAPTER, PAGES, ADDRESS, EDITION, MONTH e NOTE.

@incollection{Pinto2000,
  author    = {Pinto, Alexandre S. and Faina, Luis F. and Cardozo, Eleri},
  title     = {A {TINA}-Based Distributed Environment for Mobile Multimedia Applications},
  booktitle = {Managing QoS in Multimedia Networks, Services},
  publisher = {Kluwer Academic Publishers},
  year      = {2000},
  editor    = {de Souza, Jos{\'e} Neuman and Boutaba, Raouf},
  pages     = {163--175}
}

%% INPROCEEDINGS - Um artigo nos anais de uma conferência.
%%   - Campos requeridos: AUTHOR, TITLE, BOOKTITLE e YEAR.
%%   - Campos opcionais: EDITOR, VOLUME ou NUMBER, SERIES, PAGES, ADDRESS, MONTH, ORGANIZATION, PUBLISHER e NOTE.


@inproceedings{Renaux2001,
  author    = {Douglas P. B. Renaux and Faimara do Rocio Strauhs and Aline França Abreu and Leandro Gustavo Biss Becker},
  title     = {Gestão do conhecimento de um laboratório de pesquisa: uma abordagem prática},
  booktitle = {Simpósio Internacional de Gestão do Conhecimento},
  year      = {2001},
  volume    = {4},
  pages     = {195--208},
  publisher = {PUC-PR},
  address   = {Curitiba}
}



@inproceedings{Faina2001,
  author    = {Faina, Luis F. and Pinto, Rossano P. and Guimar{\~a}es, Eliane G. and Cardozo, Eleri},
  title     = {Mobile Agents for Supporting Ubiquity in Telecommunication Services},
  booktitle = {Second Latin American Network Operation, Management Symposium (LANOMS)},
  year      = {2001},
  editor    = {Loureiro, A. and Nogueira, J.},
  pages     = {50--61},
  address   = {Belo Horizonte},
  month     = aug
}




%% MANUAL - Uma documentação técnica.
%%   - Campos requeridos: TITLE.
%%   - Campos opcionais: AUTHOR, ORGANIZATION, ADDRESS, EDITION, MONTH, YEAR e NOTE.

@manual{IONA1999,
  title        = {Orbix Programming Reference},
  author       = {{\mbox IONA Technologies PLC}},
  organization = {IONA Technologies PLC},
  address      = {Dublin, Ireland},
  month        = oct,
  year         = {1999}
}



@manual{NBR6024:2012,
  title         = {{NBR} 6024},
  author        = {{ASSOCIAÇÃO BRASILEIRA DE NORMAS TÉCNICAS}},
  organization  = {Associação Brasileira de Normas Técnicas},
  address       = {Rio de Janeiro},
  month         = feb,
  year          = {2012},
  date-added    = {2012-12-15 21:24:06 +0000},
  date-modified = {2012-12-15 21:24:28 +0000},
  org-short     = {ABNT},
  pages         = {4},
  subtitle      = {numeração progressiva das seções de um documento}
}





@manual{abnTeX2:2013,
  title         = {A classe abntex2},
  author        = {abnTeX2 and Araujo, Lauro C{\'e}sar},
  organization  = {Equipe abnTeX2},
  year          = {2013},
  bdsk-url-1    = {http://code.google.com/p/abntex2/},
  date-added    = {2013-01-09 10:37:38 +0000},
  date-modified = {2013-04-05 11:03:48 +0000},
  url           = {http://www.abntex.net.br/},
  subtitle      = {{modelo canônico de trabalhos acadêmicos brasileiros compatível com as normas ABNT NBR 14724:2011, ABNT NBR 6024:2012 e outras}},
  urlaccessdate = {21 ago. 2013}
}

@manual{abnTeX2:2013Cite,
  title         = {O pacote abntex2cite},
  author        = {abnTeX2 and Araujo, Lauro C{\'e}sar},
  organization  = {Equipe abnTeX2},
  year          = {2013},
  bdsk-url-1    = {http://code.google.com/p/abntex2/},
  date-added    = {2013-01-09 10:37:45 +0000},
  date-modified = {2013-04-05 10:47:36 +0000},
  url           = {http://www.abntex.net.br/},
  subtitle      = {{estilos bibliográficos compatíveis com a ABNT NBR 6023}},
  urlaccessdate = {21 ago. 2013}
}

@manual{abnTeX2:2013CiteAlf,
  title         = {O pacote abntex2cite},
  author        = {abnTeX2 and Araujo, Lauro C{\'e}sar},
  organization  = {Equipe abnTeX2},
  year          = {2013},
  bdsk-url-1    = {http://code.google.com/p/abntex2/},
  date-added    = {2013-01-09 10:37:45 +0000},
  date-modified = {2013-04-05 11:03:05 +0000},
  url           = {http://www.abntex.net.br/},
  subtitle      = {{tópicos específicos da ABNT NBR 10520:2002 e o estilo bibliográfico alfabético (sistema autor-data)}},
  urlaccessdate = {21 ago. 2013}
}

@manual{UTFPR2008,
  title         = {Orientação para a entrega de trabalhos acadêmicos},
  author        = {{UTFPR}},
  organization  = {Universidade Tecnológica Federal do Paraná},
  address       = {Curitiba},
  edition       = {1a},
  year          = {2021},
  url           = {http://www.utfpr.edu.br/biblioteca/trabalhos-academicos/discentes},
  urlaccessdate = {08 nov. 2021}
}

@manual{Wilson2010,
  title         = {The Memoir Class for Configurable Typesetting - User Guide},
  author        = {Wilson, Peter and Madsen, Lars},
  organization  = {The Herries Press},
  address       = {Normandy Park, WA, USA},
  year          = {2010},
  bdsk-url-1    = {http://ctan.tche.br/macros/latex/contrib/memoir/memman.pdf},
  date-added    = {2013-01-09 10:37:50 +0000},
  date-modified = {2013-03-21 13:23:25 +0000},
  url           = {http://mirrors.ctan.org/macros/latex/contrib/memoir/memman.pdf},
  urlaccessdate = {21 ago. 2013}
}

%% MASTERSTHESIS - Uma dissertação de mestrado.
%%   - Campos requeridos: AUTHOR, TITLE, SCHOOL e YEAR.
%%   - Campos opcionais: TYPE, ADDRESS, MONTH e NOTE.



@mastersthesis{Araujo2012,
  author        = {Araujo, Lauro C{\'e}sar},
  title         = {Configuração},
  school        = {Universidade de Brasília},
  year          = {2012},
  address       = {Brasília},
  date-added    = {2013-01-09 11:04:42 +0000},
  date-modified = {2013-01-09 11:04:42 +0000},
  subtitle      = {uma perspectiva de arquitetura da informação da escola de {B}rasília}
}

%% MISC - Use esse tipo quando nada mais se encaixa.
%%   - Campos requeridos: "NENHUM".
%%   - Campos opcionais: AUTHOR, TITLE, HOWPUBLISHED, MONTH, YEAR e NOTE.


@misc{Larsson2003,
  author        = {Larsson, Alexander},
  title         = {Dia's Homepage},
  howpublished  = {Lysator, The Academic Computer Society},
  month         = aug,
  year          = {2003},
  url           = {http://www.lysator.liu.se/~alla/dia/dia.html},
  urlaccessdate = {28 nov. 2003}
}

@book{date2004,
  title         = {Introdução a sistemas de bancos de dados},
  author        = {Date, C.J.},
  isbn          = {9788535212730},
  url           = {https://books.google.com.br/books?id=xBeO9LSlK7UC},
  year          = {2004},
  publisher     = {ELSEVIER EDITORA},
  urlaccessdate = {21 ago. 2013}
}

@misc{Hadian1982,
  author        = {Hadian, R.},
  title         = {{Fotografia da erupção vulcânica em 1982 do Galungung, Indonésia (com descargas de raios), produzida pelo Serviço Geológico dos Estados Unidos da América}},
  month         = dec,
  year          = {1982},
  note          = {Galunggung, Indonesia; 07.25 S 108.05 E; 2,168 m. His image is in the public domain because it contains materials that originally came from the U.S. National Oceanic and Atmospheric Administration, taken or made as part of an employee's official duties.},
  organization  = {U.S. National Oceanic and Atmospheric Administration},
  url           = {http://www.ngdc.noaa.gov/seg/hazard/img/200_res/30/30_603.tif},
  urlaccessdate = {21 ago. 2013}
}

@misc{Sartore2013,
  author        = {Sartore, Joel},
  title         = {{Camaleão pantera fotografado por Joel Sartore, National Geographic}},
  month         = mar,
  year          = {2013},
  note          = {Published March 5, 2013},
  organization  = {National Geographic},
  url           = {http://images.nationalgeographic.com/wpf/media-live/photos/000/649/cache/08-tedx-photo-ark-panther-chameleon_64915_600x450.jpg},
  urlaccessdate = {21 ago. 2013}
}

@misc{daSilva2009,
  author        = {da Silva, Erivanildo Lopes and Bahia, Marcus Vinicius},
  title         = {Compostos orgânicos: fórmulas estruturais e principais classes},
  howpublished  = {Site UOL Educação},
  month         = feb,
  year          = {2009},
  organization  = {Universidade Federal da Bahia},
  url           = {http://educacao.uol.com.br/disciplinas/quimica/compostos-organicos-formulas-estruturais-e-principais-classes.htm},
  urlaccessdate = {21 ago. 2013}
}

@misc{Smallen2014,
  author        = {Smallen, Shava},
  title         = {My \LaTeX\ notes},
  howpublished  = {San Diego Supercomputer Center},
  month         = feb,
  year          = {2014},
  url           = {http://users.sdsc.edu/~ssmallen/},
  urlaccessdate = {21 ago. 2014}
}

%% PHDTHESIS - Uma tese de doutorado.
%%   - Campos requeridos: AUTHOR, TITLE, SCHOOL e YEAR.
%%   - Campos opcionais: TYPE, ADDRESS, MONTH e NOTE.

@phdthesis{Faina2000,
  author  = {Faina, Luis F.},
  title   = {Uma Arquitetura para Suporte à Ubiquidade dos Serviços de Telecomunicações Baseada na Arquitetura {TINA} e em Agentes Móveis},
  school  = {Faculdade de Engenharia Elétrica e de Computação, Universidade Estadual de Campinas},
  year    = {2000},
  address = {Campinas},
  month   = dec,
  pages   = {150}
}

%% PROCEEDINGS - As deliberações de uma conferência.
%%   - Campos requeridos: TITLE e YEAR.
%%   - Campos opcionais: EDITOR, VOLUME ou NUMBER, SERIES, ADDRESS, MONTH, ORGANIZATION, PUBLISHER e NOTE.

@proceedings{Pirmez2002,
  title        = {{Anais do XX Simpósio Brasileiro de Redes de Computadores}},
  year         = {2002},
  editor       = {Pirmez, Luci and Carmo, Luis Fernando and Mac{\^e}do, Raimundo Jos{\'e}},
  address      = {Rio de Janeiro},
  month        = may,
  organization = {Sociedade Brasileira de Computação},
  publisher    = {Núcleo de Computação Eletrônica da UFRJ}
}

%% TECHREPORT - Um relatório publicado por uma escola ou uma outra instituição, geralmente dentro de uma série numerada.
%%   - Campos requeridos: AUTHOR, TITLE, INSTITUTION e YEAR.
%%   - Campos opcionais: TYPE, NUMBER, ADDRESS, MONTH e NOTE.

@techreport{OMG2000,
  author        = {{OMG}},
  title         = {Audio/Video Streams, Version 1.0},
  institution   = {Object Management Group (OMG)},
  year          = {2000},
  type          = {OMG Specification},
  address       = {Massachusetts, USA},
  month         = jan,
  note          = {formal/2000-01-03},
  url           = {http://www.omg.org/},
  urlaccessdate = {21 ago. 2013}
}

%% UNPUBLISHED - Um documento com um autor e um título, mas não publicado formalmente.
%%   - Campos requeridos: AUTHOR, TITLE e NOTE.
%%   - Campos opcionais: MONTH e YEAR.

@unpublished{Sichman2002,
  author = {Sichman, Jaime S.},
  title  = {Sobre Agentes Móveis e Fixos},
  note   = {Comunicação pessoal por e-mail},
  month  = mar,
  year   = {2002}
}

%% CAMPOS
%%
%% Os tipos de entradas bibliográficas contém alguns subconjuntos padrões de entradas de dados:
%%   - ADDRESS: Endereço da editora (normalmente, apenas a cidade, mas pode ser o endereço completo para editoras menos conhecidas).
%%   - ANNOTE: Uma anotação para estilos bibliográficos adotados (não típico).
%%   - AUTHOR: O(s) nome(s) do(s) autor(es) (no caso de haver mais de um autor, separá-los por "and").
%%   - BOOKTITLE: O título do livro, mesmo que apenas parte dele esteja sendo citado.
%%   - CHAPTER: O número do capítulo.
%%   - CROSSREF: A chave de entrada da referência cruzada.
%%   - EDITION: A edição de um livro, forma longa (como o "primeiro" ou "segundo").
%%   - EDITOR: O(s) nome(s) do(s) editor(es).
%%   - EPRINT: A especificação de uma publicação eletrônica, muitas vezes um "preprint" ou um relatório técnico.
%%   - HOWPUBLISHED: Como ele foi publicado, se o método de publicação não é típico.
%%   - INSTITUTION: A instituição que esteve envolvida na publicação, mas não é necessariamente a editora.
%%   - JOURNAL: O jornal ou a revista onde o trabalho foi publicado.
%%   - KEY: Um campo oculto utilizado para especificar ou colocar em ordem alfabética as entradas (quando o campos "autor" e
%%     "editor" estão em falta). Note que isto é muito diferente da chave (mencionados apenas após esta lista) que é usado para
%%     citar ou fazer uma referência cruzada à entrada.
%%   - MONTH: O mês de publicação (ou, se não publicado, no mês de criação).
%%   - NOTE: Diversas informações extras.
%%   - NUMBER: O "número" de um jornal, uma revista, ou um relatório técnico, se aplicável. (A maioria das publicações tem um campo
%%     "volume", mas não o campo "número").
%%   - ORGANIZATION: A organização patrocinadora.
%%   - PAGES: números de página, separados por vírgulas ou hifens duplo. Para os livros, o número total de páginas.
%%   - PUBLISHER: O nome da editora.
%%   - SCHOOL: A escola onde a tese ou dissertação foi escrita.
%%   - SERIES: A série de livros onde foi publicado em (por exemplo: "A Hardy Boys" ou "Lecture Notes in Computer Science").
%%   - TITLE: o título do trabalho.
%%   - TYPE: O tipo de relatório técnico, por exemplo, "Nota de Investigação".
%%   - URL: O endereço da web.
%%   - VOLUME: O volume de uma revista ou de um livro com vários volumes.
%%   - YEAR: O ano de publicação (ou, se não publicado, o ano de criação).
%%
%% Além disto, cada entrada contém uma chave (rótulo) que é usada para citar ou uma entrada de referência cruzada. Esta chave é o
%% primeiro item em uma entrada BibTeX, e não faz parte de qualquer domínio.

% MONTEIRO, S. Breve espaço entre cor e sombra: o romance da maturidade literária de Cristóvão Tezza. Revista de Letras, Curitiba, v. 13, n. 11, p. 183-200, dez. 2009. (Modelo de referência: artigo de periódico).

@article{Monteiro2009,
  author   = {S. Monteiro},
  title    = {Breve espaço entre cor e sombra},
  journal  = {Revista de Letras},
  year     = {2009},
  month    = {dez},
  number   = {11},
  pages    = {183--200},
  volume   = {13},
  subtitle = {o romance da maturidade literária de Cristóvão Tezza}
}

@article{tomasulo:algorithm:5392028,
  author  = {Tomasulo, R. M.},
  title   = {An Efficient Algorithm for Exploiting Multiple Arithmetic Units},
  journal = {IBM Journal of Research and Development},
  year    = {1967},
  month   = {Jan},
  number  = {1},
  pages   = {25-33},
  volume  = {11},
  doi     = {10.1147/rd.111.0025},
  issn    = {0018-8646}
}

@article{Cruz2003,
  author  = {Cruz, Renato},
  title   = {Padrão Brasileiro de {TV} Enfrenta Oposição},
  journal = {O Estado de São Paulo},
  address = {São Paulo},
  year    = {2003},
  month   = {fev},
  day     = {2}
}

@misc{Moore:2000:CMC:333067.333074,
  author        = {Moore, Gordon E.},
  title         = {Readings in Computer Architecture},
  year          = {2000},
  url           = {http://dl.acm.org/citation.cfm?id=333067.333074},
  urlaccessdate = {21 ago. 2013}
}
